@article{wang2021,
  author    = {Wang, Y. and Chen, L.},
  year      = {2021},
  title     = {The development of green logistics in China: Current status and future trends},
  journal   = {Journal of Cleaner Production},
  volume    = {278},
  pages     = {123456},
  doi       = {10.1016/j.jclepro.2020.123456}
}

@article{li2020,
  author    = {Li, H.},
  year      = {2020},
  title     = {Information technology and logistics service capability: Evidence from Chinese logistics firms},
  journal   = {Asia Pacific Journal of Management},
  volume    = {37},
  number    = {2},
  pages     = {345-362},
  doi       = {10.1007/s10490-019-09654-2}
}

@article{zhang2019,
  author    = {Zhang, X.},
  year      = {2019},
  title     = {The impact of logistics alliances on firm performance: An empirical study},
  journal   = {Transportation Research Part E: Logistics and Transportation Review},
  volume    = {129},
  pages     = {1-12},
  doi       = {10.1016/j.tre.2019.07.001}
}